@inbook{Ball22a,
  title = {Das Metaverse: Und wie es alles revolutionieren wird},
  publisher = {Liverright Publishing Corporation},
  year = {2022},
  author = {Matthew Ball},
  isbn = {978-3-8006-6939-4},
  owner = {},
  price = {24,90},
  timestamp = {2024.02.14},
  totalpages = {328},
  pages = {13-15},
  url = {}
}
@inbook{Ball22,
title = {Das Metaverse: Und wie es alles revolutionieren wird},
publisher = {Liverright Publishing Corporation},
year = {2022},
author = {Matthew Ball},
isbn = {978-3-8006-6939-4},
owner = {},
price = {24,90},
timestamp = {2024.02.14},
totalpages = {328},
pages = {},
url = {}
}
@inbook{hist1,
  title = {SOCIAL ENGINEERING ATTACK DETECTION MODEL Thesis},
  publisher = {Department of Computer Science in der University of Pretoria },
  year = {2018},
  author = {Francois Mouton},
  pages = {12-13}
}
@book{Drip22,
  title = {Metaverse: Was es ist. Wie es funktioniert. Wann es kommt.},
  publisher = {Diplomatic Council Publishing},
  year = {2022},
  author = {Andreas Dripke,Marc Ruberg, Detlef Schmuck},
  isbn = {978-3-947818-87-7},
  owner = {},
  price = {},
  timestamp = {},
  totalpages = {256},
  url = {}
}
@book{Hypp22,
  title = {Was vernetzt ist, ist angreifbar: Wie Geheimdienste und Kriminelle uns im Netz infiltrieren},
  publisher = {John Wiley and Sons, Inc.},
  year = {2022},
  author = {Mikko Hyppönen},
  isbn = {978-3-527-51150-1},
  owner = {},
  price = {},
  timestamp = {},
  totalpages = {309},
  url = {}
}
@book{Motivation,
  title = {Magdeburger Journal zur Sicherheitsforschung},
  publisher = {Meine Verlag – Wissenschafts-, Sach- und Fachbuchverlag, Magdeburg},
  year = {2011},
  author = {Stefan Schumacher},
  page  = {3}
}
@book{phish1,
  title = {Cyber-Sicherheit Für Dummies},
  publisher = {John Wiley and Sons, Incorporated},
  year = {2020},
  author = {Joseph Steinberg},
  page  = {39}
}
@inbook{Hadn1,
  title = {Die Kunst des Human Hacking: Social Engineering - Deutsche Ausgabe},
  publisher = {mitp-Verlags GmbH u. Co. KG},
  year = {2011},
  author = {Christopher Hadnagy},
  totalpages = {463},
  page = {30}
}
@inbook{Hadn2,
  title = {Die Kunst des Human Hacking: Social Engineering - Deutsche Ausgabe},
  publisher = {mitp-Verlags GmbH u. Co. KG},
  year = {2011},
  author = {Christopher Hadnagy},
  totalpages = {463},
  page = {39}
}
@inbook{bsi,
  author         = {BSI},
  publisher      = {[online] https://www.bsi.bund.de/dok/11287460},
  title          = {Social Engineering – der Mensch als Schwachstelle},
  year           = {19.06.2024}
}
@inbook{bsi1,
  author         = {BSI},
  publisher      = {[online]},
  editor         = {https://www.bsi.bund.de/dok/passwortdiebstahl-durch-phishing},
  title          = {Phishing - how much is the phish!?},
  year           = {15.07.2024}
}
@inbook{mitn,
  title = {Die Kunst der Täuschung: Risikofaktor Mensch},
  publisher = {mitp-Verlags GmbH u. Co. KG},
  year = {2011},
  author = {Kevin Mitnick, William Simon},
  pages = {4}
}
@inbook{mitn1,
title = {Die Kunst der Täuschung: Risikofaktor Mensch},
publisher = {mitp-Verlags GmbH u. Co. KG},
year = {2011},
author = {Kevin Mitnick, William Simon}
}
@inbook{GrundformenDesSE,
  title = {Social engineering enttarnt: Sicherheitsrisiko Mensch},
  publisher = {mitp-Verlags GmbH u. Co. KG},
  year = {2014},
  author = {Christopher Hadnagy, Paul Ekman},
  chapter = {2},
  page = {63}
}
@inbook{phishing,
  title = {Social engineering enttarnt: Sicherheitsrisiko Mensch},
  publisher = {mitp-Verlags GmbH u. Co. KG},
  year = {2014},
  author = {Christopher Hadnagy, Paul Ekman},
  chapter = {2},
  pages = {63 - 67}
}
@inbook{SEinNaturdesMenschverankert,
  title = {Der Mensch als Risikofaktor bei Wirtschaftskriminalität},
  publisher = {Springer Fachmedien Wiesbaden GmbH},
  year = {2021},
  author = {Sonja Stirnimann},
  chapter = {4},
  pages = {127}
}
@inbook{spear,
  title = {Der Mensch als Risikofaktor bei Wirtschaftskriminalität},
  publisher = {Springer Fachmedien Wiesbaden GmbH},
  year = {2021},
  author = {Sonja Stirnimann},
  chapter = {4},
  pages = {129}
}
@inbook{SEtechPhysSoc,
  title = {Methods for Understanding and Reducing Social Engineering Attacks},
  publisher = {SANS Institute 2021},
  year = {2016},
  author = {Michael Alexander},
  pages = {6 - 13}
}
@inbook{wiki,
  author         = {Wikipedia},
  publisher      = {[online]},
  note           = {TODO Link einfügen},
  editor         = {https://de.wikipedia.org/wiki/Social_Engineering_(Sicherheit)}, 
  title          = {Social Engineering},
  year           = {11.07.2024}
}
@inbook{nytimes1,
  author         = {New York Times},
  publisher      = {[online]},
  note           = {https://www.nytimes.com/1887/01/02/archives/society-topics-of-the-week.html},
  editor         = {https://www.nytimes.com/1887/01/02/archives/society-topics-of-the-week.html}, 
  title          = {Society topics of the week},
  page           = {3},
  year           = {Januar 1887}
}
@inbook{nytimes2,
  author         = {New York Times},
  publisher      = {[online]},
  note           = {https://www.nytimes.com/1899/10/15/archives/new-profession-appears-promoters-of-social-engineering-find-a.html},
  editor         = {https://www.nytimes.com/1899/10/15/archives/new-profession-appears-promoters-of-social-engineering-find-a.html}, 
  title          = {New profession appears; promoters of "social engineering" find a fruitful field},
  page           = {8},
  year           = {Oktober 1899}
}
@inbook{troja,
  author         = {MITNICKSECURITY},
  publisher      = {[online]},
  note           = {https://www.mitnicksecurity.com/the-history-of-social-engineering},
  editor         = {https://www.mitnicksecurity.com/the-history-of-social-engineering}, 
  title          = {The Early History of Social Engineering},
  year           = {16.06.2024}
}
@inbook{fbi,
  author         = {Federal Bureau of Investigations},
  publisher      = {[online]},
  note           = {TODO Link einfügen},
  editor         = {https://www.ic3.gov/Media/PDF/AnnualReport/2023_IC3Report.pdf}, 
  title          = {Internet Crime Report 2023},
  year           = {16.07.2024}
}
@inbook{hisofpropaganda,
  title = {Munitions of the Mind : A History of Propaganda (3rd ed.)},
  publisher = {Manchester University Press },
  year = {2003},
  author = {Philip M. Taylor},
  pages = {208 - 248}
}
@inbook{hindu,
  title = {Hinduismus},
  publisher = {Vandenhoeck u. Ruprecht},
  year = {2009},
  author = {Angelika Malinar},
  pages = {184 - 192}
}
@inbook{werSE,
  title = {Learn Social Engineering: Learn the art of human hacking with an internationally renowned expert},
  publisher = {Packt Publishing, Limited},
  year = {2018},
  author = {Erdal Ozkaya},
  pages = {11 - 13}
}
  @inbook{test,
  author         = {1},
  chapter        = {2},
  editor         = {3},
  pages          = {4},
  publisher      = {5},
  note           = {6},
  title          = {7},
  year           = {8}
}
